<record><leader>00000cas a22000007a 4500</leader><controlfield tag="001">13261312</controlfield><controlfield tag="008">860307d189u1894wvuwr ne      0    0eng d</controlfield><datafield ind1=" " ind2=" " tag="010"><subfield code="a">sn 86092317 </subfield></datafield><datafield ind1=" " ind2=" " tag="040"><subfield code="a">WVC</subfield><subfield code="b">eng</subfield><subfield code="c">WVC</subfield><subfield code="d">OCL</subfield><subfield code="d">OCLCQ</subfield></datafield><datafield ind1=" " ind2=" " tag="042"><subfield code="a">msc</subfield></datafield><datafield ind1="0" ind2="0" tag="245"><subfield code="a">Tucker County democrat.</subfield></datafield><datafield ind1=" " ind2=" " tag="260"><subfield code="a">St. George, W. Va. :</subfield><subfield code="b">William W. Cayton</subfield></datafield><datafield ind1=" " ind2=" " tag="300"><subfield code="a">v.</subfield></datafield><datafield ind1=" " ind2=" " tag="310"><subfield code="a">Weekly</subfield></datafield><datafield ind1="1" ind2=" " tag="362"><subfield code="a">Ceased in 1894?</subfield></datafield><datafield ind1=" " ind2=" " tag="588"><subfield code="a">Description based on: Old ser. vol. 13, no. 23 (Sept. 16, 1892)=new ser. v. 1, no. 8.</subfield></datafield><datafield ind1=" " ind2=" " tag="752"><subfield code="a">United States</subfield><subfield code="b">West Virginia</subfield><subfield code="c">Tucker</subfield><subfield code="d">St. George.</subfield></datafield><datafield ind1="0" ind2="0" tag="780"><subfield code="t">Tucker democrat (St. George, W. Va. : 1880)</subfield><subfield code="w">(DLC)sn 86092316</subfield></datafield><datafield ind1="0" ind2="0" tag="785"><subfield code="t">Tucker democrat (Parsons, W. Va. : 1894)</subfield><subfield code="w">(DLC)sn 86092318</subfield></datafield></record>